@inproceedings{chung2014empirical,
  title={Empirical Evaluation of Gated Recurrent Neural Networks on Sequence Modeling},
  author={Chung, Junyoung and Gulcehre, Caglar and Cho, KyungHyun and Bengio, Yoshua},
  booktitle={NIPS 2014 Deep Learning and Representation Learning Workshop},
  year={2014}
}
@inproceedings{cho2014properties,
  title={On the properties of neural machine translation: Encoder-decoder approaches},
  author={Cho, Kyunghyun and van Merri{\"e}nboer, Bart and Bahdanau, Dzmitry and Bengio, Yoshua},
  booktitle={Eighth Workshop on Syntax, Semantics and Structure in Statistical Translation (SSST-8)},
  year={2014}
}
@article{elman1990finding,
  title={Finding structure in time},
  author={Elman, Jeffrey L},
  journal={Cognitive science},
  volume={14},
  number={2},
  pages={179--211},
  year={1990},
  publisher={No longer published by Elsevier}
}
@article{elman1991distributed,
  title={Distributed representations, simple recurrent networks, and grammatical structure},
  author={Elman, Jeffrey L},
  journal={Machine learning},
  volume={7},
  number={2-3},
  pages={195--225},
  year={1991},
  publisher={Kluwer Academic Publishers}
}
@article{hochreiter1997long,
  title={Long short-term memory},
  author={Hochreiter, Sepp and Schmidhuber, J{\"u}rgen},
  journal={Neural computation},
  volume={9},
  number={8},
  pages={1735--1780},
  year={1997},
  publisher={MIT Press}
}
@article{vinyals2014show,
  title={Show and tell: A neural image caption generator},
  author={Vinyals, Oriol and Toshev, Alexander and Bengio, Samy and Erhan, Dumitru},
  journal={arXiv preprint arXiv:1411.4555},
  year={2014}
}